
@article{horridge2011owl,
  title={The OWL API: A Java API for OWL ontologies.},
  author={Horridge, Matthew and Bechhofer, Sean},
  journal={Semantic Web},
  volume={2},
  number={1},
  pages={11--21},
  year={2011}
}

@ARTICLE{ashburner2000gene,
  author = {Ashburner, Michael and Ball, Catherine A and Blake, Judith A and
	Botstein, David and Butler, Heather and Cherry, J Michael and Davis,
	Allan P and Dolinski, Kara and Dwight, Selina S and Eppig, Janan
	T and others},
  title = {Gene Ontology: tool for the unification of biology},
  journal = {Nature genetics},
  year = {2000},
  volume = {25},
  pages = {25--29},
  number = {1},
  publisher = {Nature Publishing Group}
}

@inproceedings{benton2007interactive,
  title={Interactive, scalable, declarative program analysis: from prototype to implementation},
  author={Benton, William C and Fischer, Charles N},
  booktitle={Proceedings of the 9th ACM SIGPLAN international conference on Principles and practice of declarative programming},
  pages={13--24},
  year={2007},
  organization={ACM}
}

@book{staab2013handbook,
  title={Handbook on ontologies},
  author={Staab, Steffen and Studer, Rudi},
  year={2013},
  publisher={Springer Science \& Business Media}
}

@misc{noy2001ontology,
  title={Ontology development 101: A guide to creating your first ontology},
  author={Noy, Natalya F and McGuinness, Deborah L},
  year={2001},
  publisher={Stanford knowledge systems laboratory technical report KSL-01-05 and Stanford medical informatics technical report SMI-2001-0880}
}

@inproceedings{bravenboer2009strictly,
	author = {Bravenboer, Martin and Smaragdakis, Yannis},
	title = {Strictly Declarative Specification of Sophisticated Points-to Analyses},
	booktitle = {Proceedings of the 24th ACM SIGPLAN Conference on Object Oriented Programming Systems Languages and Applications},
	series = {OOPSLA '09},
	year = {2009},
	isbn = {978-1-60558-766-0},
	location = {Orlando, Florida, USA},
	pages = {243--262},
	numpages = {20},
	url = {http://doi.acm.org/10.1145/1640089.1640108},
	doi = {10.1145/1640089.1640108},
	acmid = {1640108},
	publisher = {ACM},
	address = {New York, NY, USA},
	keywords = {DOOP, bdds, datalog, declarative, points-to analysis},
} 

@incollection{whaley2005using,
  title={Using datalog with binary decision diagrams for program analysis},
  author={Whaley, John and Avots, Dzintars and Carbin, Michael and Lam, Monica S},
  booktitle={Programming Languages and Systems},
  pages={97--118},
  year={2005},
  publisher={Springer}
}

@article{sirin2007pellet,
  title={Pellet: A practical owl-dl reasoner},
  author={Sirin, Evren and Parsia, Bijan and Grau, Bernardo Cuenca and Kalyanpur, Aditya and Katz, Yarden},
  journal={Web Semantics: science, services and agents on the World Wide Web},
  volume={5},
  number={2},
  pages={51--53},
  year={2007},
  publisher={Elsevier}
}

@incollection{tsarkov2006fact++,
  title={FaCT++ description logic reasoner: System description},
  author={Tsarkov, Dmitry and Horrocks, Ian},
  booktitle={Automated reasoning},
  pages={292--297},
  year={2006},
  publisher={Springer}
}

@PHDTHESIS{CascavalCompile-time2000,
  author = {Gheorghe Calin Cascaval},
  title = {Compile-time performance prediction of scientific programs},
  school = {University of Illinois at Urbana-Champaign},
  year = {2000},
  note = {Adviser-David A Padua},
  isbn = {0-599-97401-X},
  order_no = {AAI9989955}
}

@BOOK{ducatel2001scenarios,
  title = {Scenarios for ambient intelligence in 2010},
  publisher = {Office for official publications of the European Communities},
  year = {2001},
  author = {Ducatel, Ken and Bogdanowicz, Marc and Scapolo, Fabiana and Leijten,
	Jos and Burgelman, Jean-Claude}
}

@INPROCEEDINGS{ganapathi2011towards,
  author = {Ganapathi, Gopinath and Lourdusamy, Ravi and Rajaram, Veeraraghavan},
  title = {Towards Ontology Development for Teaching Programming Language},
  booktitle = {World Congress on Engineering},
  year = {2011}
}

@INCOLLECTION{hajiyev2006codequest,
  author = {Hajiyev, Elnar and Verbaere, Mathieu and De Moor, Oege},
  title = {Codequest: Scalable source code queries with datalog},
  booktitle = {ECOOP 2006--Object-Oriented Programming},
  publisher = {Springer},
  year = {2006},
  pages = {2--27}
}

@INPROCEEDINGS{huang2011datalog,
  author = {Huang, Shan Shan and Green, Todd Jeffrey and Loo, Boon Thau},
  title = {Datalog and emerging applications: an interactive tutorial},
  booktitle = {Proceedings of the 2011 ACM SIGMOD International Conference on Management
	of data},
  year = {2011},
  pages = {1213--1216},
  organization = {ACM}
}

@INPROCEEDINGS{lando2007towards,
  author = {Lando, Pascal and Lapujade, Anne and Kassel, Gilles and F{\"u}rst,
	Fr{\'e}d{\'e}ric},
  title = {Towards a General Ontology of Computer Programs.},
  booktitle = {ICSOFT (PL/DPS/KE/MUSE)},
  year = {2007},
  pages = {163--170}
}

@ARTICLE{malone2014software,
  author = {Malone, James and Brown, Andy and Lister, Allyson L and Ison, Jon
	and Hull, Duncan and Parkinson, Helen and Stevens, Robert},
  title = {The Software Ontology (SWO): a resource for reproducibility in biomedical
	data analysis, curation and digital preservation},
  journal = {Journal of Biomedical Semantics},
  year = {2014},
  volume = {5},
  pages = {25},
  number = {1},
  publisher = {BioMed Central Ltd}
}

@INPROCEEDINGS{matuszek2006introduction,
  author = {Matuszek, Cynthia and Cabral, John and Witbrock, Michael J and DeOliveira,
	John},
  title = {An Introduction to the Syntax and Content of Cyc.},
  booktitle = {AAAI Spring Symposium: Formalizing and Compiling Background Knowledge
	and Its Applications to Knowledge Representation and Question Answering},
  year = {2006},
  pages = {44--49},
  organization = {Citeseer}
}

@ARTICLE{mcguinness2004owl,
  author = {McGuinness, Deborah L and Van Harmelen, Frank},
  title = {OWL web ontology language overview},
  journal = {W3C recommendation},
  year = {2004},
  volume = {10},
  pages = {2004},
  number = {10}
}

@INPROCEEDINGS{niles2001towards,
  author = {Niles, Ian and Pease, Adam},
  title = {Towards a standard upper ontology},
  booktitle = {Proceedings of the international conference on Formal Ontology in
	Information Systems-Volume 2001},
  year = {2001},
  pages = {2--9},
  organization = {ACM}
}

@INPROCEEDINGS{pease2002suggested,
  author = {Pease, Adam and Niles, Ian and Li, John},
  title = {The suggested upper merged ontology: A large ontology for the semantic
	web and its applications},
  booktitle = {Working notes of the AAAI-2002 workshop on ontologies and the semantic
	web},
  year = {2002},
  volume = {28}
}

@INCOLLECTION{preuveneers2004towards,
  author = {Preuveneers, Davy and Van den Bergh, Jan and Wagelaar, Dennis and
	Georges, Andy and Rigole, Peter and Clerckx, Tim and Berbers, Yolande
	and Coninx, Karin and Jonckers, Viviane and De Bosschere, Koen},
  title = {Towards an extensible context ontology for ambient intelligence},
  booktitle = {Ambient intelligence},
  publisher = {Springer},
  year = {2004},
  pages = {148--159}
}

@ARTICLE{rodriguez2014survey,
  author = {Rodr{\'\i}guez, Natalia D{\'\i}az and Cu{\'e}llar, Manuel P and Lilius,
	Johan and Calvo-Flores, Miguel Delgado},
  title = {A survey on ontologies for human behavior recognition},
  journal = {ACM Computing Surveys (CSUR)},
  year = {2014},
  volume = {46},
  pages = {43},
  number = {4},
  publisher = {ACM}
}

@ARTICLE{sosnovsky2006development,
  author = {Sosnovsky, Sergey and Gavrilova, Tatiana},
  title = {Development of Educational Ontology for C-programming},
  year = {2006},
  publisher = {Institute of Information Theories and Applications FOI ITHEA}
}

@INPROCEEDINGS{tenorth2009knowrob,
  author = {Tenorth, Moritz and Beetz, Michael},
  title = {KnowRobâ€”knowledge processing for autonomous personal robots},
  booktitle = {Intelligent Robots and Systems, 2009. IROS 2009. IEEE/RSJ International
	Conference on},
  year = {2009},
  pages = {4261--4266},
  organization = {IEEE}
}

@BOOK{van2008handbook,
  title = {Handbook of knowledge representation},
  publisher = {Elsevier},
  year = {2008},
  author = {Van Harmelen, Frank and Lifschitz, Vladimir and Porter, Bruce},
  volume = {1}
}

@INPROCEEDINGS{vassiliadis_processing_2009,
  author = {Vassiliadis, Vangelis and Wielemaker, Jan and Mungall, Chris},
  title = {Processing {OWL}2 ontologies using {Thea}: {An} application of logic
	programming},
  booktitle = {{PROCEEDINGS} {OF} {THE} 5TH {INTERNATIONAL} {WORKSHOP} {ON} {OWL}:
	{EXPERIENCES} {AND} {DIRECTIONS}},
  year = {2009},
  shorttitle = {Processing {OWL}2 ontologies using {Thea}}
}

@ARTICLE{wielemaker:2011:tplp,
  author = {Wielemaker, Jan and Schrijvers, Tom and Triska, Markus and Lager,
	Torbj\"o{}rn},
  title = {{SWI-Prolog}},
  journal = {Theory and Practice of Logic Programming},
  year = {2012},
  volume = {12},
  pages = {67--96},
  number = {1-2},
  issn = {1471-0684}
}

