@book{nielson2004principles,
  title={Principles of program analysis},
  author={Nielson, Flemming and Nielson, Hanne R and Hankin, Chris},
  year={2004},
  publisher={Springer}
}

@inproceedings{yang2011finding,
  title={Finding and understanding bugs in C compilers},
  author={Yang, Xuejun and Chen, Yang and Eide, Eric and Regehr, John},
  booktitle={ACM SIGPLAN Notices},
  volume={46},
  number={6},
  pages={283--294},
  year={2011},
  organization={ACM}
}

@inproceedings{lattner2008llvm,
  title={{LLVM and Clang: Next generation compiler technology}},
  author={Lattner, Chris},
  booktitle={The BSD Conference},
  pages={1--2},
  year={2008}
}

@inproceedings{Lattner2004,
	author = {Lattner, Chris and Adve, Vikram},
	title = {LLVM: A Compilation Framework for Lifelong Program Analysis \& Transformation},
	booktitle = {Proceedings of the International Symposium on Code Generation and Optimization: Feedback-directed and Runtime Optimization},
	series = {CGO '04},
	year = {2004},
	isbn = {0-7695-2102-9},
	location = {Palo Alto, California},
	pages = {75--},
	url = {http://dl.acm.org/citation.cfm?id=977395.977673},
	acmid = {977673},
	publisher = {IEEE Computer Society},
	address = {Washington, DC, USA},
} 

@MISC{OpenMP,
  title = {{O}pen{MP}: Simple, Portable, Scalable {SMP} Programming},
  howpublished = {\url{http://www.openmp.org}},
  year = {2006},
  key = {OpenMP},
}

@MISC{OpenAnalysis,
  title = {{OpenAnalysis at Rice University}},
  howpublished = {\url{http://www.hipersoft.rice.edu/openanalysis/}},
}


@incollection{LiaoEffective2010,
title={Effective source-to-source outlining to support whole program empirical optimization},
author={Liao, Chunhua and Quinlan, Daniel J and Vuduc, Richard and Panas, Thomas},
booktitle={Languages and Compilers for Parallel Computing},
pages={308--322},
year={2010},
publisher={Springer}
}

@incollection{LiaoEarly2013,
title={{Early Experiences with the OpenMP Accelerator Model}},
author={Liao, Chunhua and Yan, Yonghong and de Supinski, Bronis R and Quinlan, Daniel J and Chapman, Barbara},
booktitle={OpenMP in the Era of Low Power Devices and Accelerators},
pages={84--98},
year={2013},
publisher={Springer}
}

@inproceedings{UnatMint2011,
 author = {Unat, Didem and Cai, Xing and Baden, Scott B.},
 title = {Mint: realizing CUDA performance in 3D stencil methods with annotated C},
 booktitle = {Proceedings of the international conference on Supercomputing},
 series = {ICS '11},
 year = {2011},
 isbn = {978-1-4503-0102-2},
 location = {Tucson, Arizona, USA},
 pages = {214--224},
 numpages = {11},
 url = {http://doi.acm.org/10.1145/1995896.1995932},
 doi = {http://doi.acm.org/10.1145/1995896.1995932},
 acmid = {1995932},
 publisher = {ACM},
 address = {New York, NY, USA},
 keywords = {automatic translation and optimization, cuda, parallel programming model, stencil computation}
} 

@article{OlivierOpenMP2012,
  title={OpenMP task scheduling strategies for multicore NUMA systems},
  author={Olivier, Stephen L and Porterfield, Allan K and Wheeler, Kyle B and Spiegel, Michael and Prins, Jan F},
  journal={International Journal of High Performance Computing Applications},
  volume={26},
  number={2},
  pages={110--124},
  year={2012},
  publisher={SAGE Publications}
}

@inproceedings{OlivierScheduling2011,
  title={Scheduling task parallelism on multi-socket multicore systems},
  author={Olivier, Stephen L and Porterfield, Allan K and Wheeler, Kyle B and Prins, Jan F},
  booktitle={Proceedings of the 1st International Workshop on Runtime and Operating Systems for Supercomputers},
  pages={49--56},
  year={2011},
  organization={ACM}
}

@MISC{ROSE_,
  author = {Dan Quinlan and others},
  title = {{ROSE Compiler Infrastructure}},
  howpublished = {\url{http://www.rosecompiler.org/}},
}

@MISC{ROSE,
	title = {{ROSE Compiler Infrastructure}},
	howpublished = {\url{http://www.rosecompiler.org/}},
}

@INPROCEEDINGS{LiaoEffective2009,
  author = {Chunhua Liao and Daniel J. Quinlan and Richard Vuduc and Thomas Panas},
  title = {Effective Source-to-Source Outlining to Support Whole Program Empirical Optimization},
  booktitle = {The 22th International Workshop on Languages and Compilers for Parallel
        Computing (LCPC)},
  year = {2009},
  address = {Newark, Delaware, USA},
}

@INPROCEEDINGS{PirkelbauerRuntime2011,
  title={Runtime Detection of C-Style Errors in UPC Code},
  author={Pirkelbauer, P. and Liao, C. and Panas, T. and Quinlan, D.},
  booktitle = {Fifth Partitioned Global Address Space Conference (PGAS)},
  year = {2011},
  address = {Galveston, TX, USA}
}

@inproceedings{KomadaIntegrating2013,
  author = {Komada, Toshiya and Miwa, Shinobu and Nakamura, Hiroshi and Maruyama, Naoya},
  title = {{Integrating Multi-GPU Execution in an OpenACC Compiler}},
  booktitle = {ICPP '13: Proceedings of the 42nd International Conference on Parallel Processing},
  year = {2013},
  pages = {260--269}
}

@article{TiwariAuto-tuning2011,
 author = {Tiwari, Ananta and Hollingsworth, Jeffrey K and Chun Chen and Hall, Mary and Chunhua Liao and Quinlan, Daniel J and Chame, Jacqueline},
 title = {Auto-tuning full applications: A case study},
 journal = {Int. J. High Perform. Comput. Appl.},
 issue_date = {August    2011},
 volume = {25},
 number = {3},
 month = aug,
 year = {2011},
 issn = {1094-3420},
 pages = {286--294},
 numpages = {9},
 url = {http://dx.doi.org/10.1177/1094342011414744},
 doi = {10.1177/1094342011414744},
 acmid = {2020807},
 publisher = {Sage Publications, Inc.},
 address = {Thousand Oaks, CA, USA},
 keywords = {Active Harmony, CHiLL, PERI, ROSE, offline auto-tuning}
} 

@INPROCEEDINGS{QuinlanROSE2011,
  author = {Dan Quinlan and Chunhua Liao},
  title = {{The ROSE Source-to-Source Compiler Infrastructure}},
  booktitle={{Cetus Users and Compiler Infrastructure Workshop, in conjunction with PACT 2011}},
  year={2011},
  month={Oct.},
 address = {Galveston Island, Texas, USA}
}

@inproceedings{LiaoROSE2010,
 author = {Liao, Chunhua and Quinlan, Daniel J. and Panas, Thomas and de Supinski, Bronis R.},
 title = {A ROSE-Based OpenMP 3.0 research compiler supporting multiple runtime libraries},
 booktitle = {Proceedings of the 6th international conference on Beyond Loop Level Parallelism in OpenMP: accelerators, Tasking and more},
 series = {IWOMP'10},
 year = {2010},
 isbn = {3-642-13216-2, 978-3-642-13216-2},
 location = {Tsukuba, Japan},
 pages = {15--28},
 numpages = {14},
 url = {http://dx.doi.org/10.1007/978-3-642-13217-9_2},
 doi = {10.1007/978-3-642-13217-9_2},
 acmid = {2164002},
 publisher = {Springer-Verlag},
 address = {Berlin, Heidelberg},
} 

@INPROCEEDINGS{LidmanROSE::FTTtransform2012,
  author={Lidman, J. and Quinlan, D.J. and Liao, C. and McKee, S.A.},
  booktitle={Dependable Systems and Networks Workshops (DSN-W), 2012 IEEE/IFIP 42nd International Conference on},
  title={{ROSE::FTTransform - A source-to-source translation framework for exascale fault-tolerance research}},
  year={2012},
  pages={1-6},
  doi={10.1109/DSNW.2012.6264672}
}

@incollection{YiApplying2005,
year={2005},
isbn={978-3-540-28009-5},
booktitle={Languages and Compilers for High Performance Computing},
volume={3602},
series={Lecture Notes in Computer Science},
editor={Eigenmann, Rudolf and Li, Zhiyuan and Midkiff, SamuelP.},
doi={10.1007/11532378_19},
title={Applying Loop Optimizations to Object-Oriented Abstractions Through General Classification of Array Semantics},
url={http://dx.doi.org/10.1007/11532378_19},
publisher={Springer Berlin Heidelberg},
author={Yi, Qing and Quinlan, Dan},
pages={253-267}
}


@article{LiaoSemantic-aware2010,
year={2010},
issn={0885-7458},
journal={International Journal of Parallel Programming},
volume={38},
number={5-6},
doi={10.1007/s10766-010-0139-0},
title={Semantic-Aware Automatic Parallelization of Modern Applications Using High-Level Abstractions},
url={http://dx.doi.org/10.1007/s10766-010-0139-0},
publisher={Springer US},
keywords={Automatic parallelization; High-level abstractions; Semantics; ROSE; OpenMP},
author={Liao, Chunhua and Quinlan, DanielJ. and Willcock, JeremiahJ. and Panas, Thomas},
pages={361-378},
language={English}
}
