@article{GuyerBroadway2005,
  title={Broadway: A compiler for exploiting the domain-specific semantics of software libraries},
  author={Guyer, Samuel Z and Lin, Calvin},
  journal={Proceedings of the IEEE},
  volume={93},
  number={2},
  pages={342--357},
  year={2005},
  publisher={IEEE}
}

@INPROCEEDINGS{ChristodorescuSecurity2005, 
author={Christodorescu, M. and Jha, S. and Seshia, S.A. and Song, D. and Bryant, R.E.}, 
booktitle={Security and Privacy, 2005 IEEE Symposium on}, 
title={Semantics-aware malware detection}, 
year={2005}, 
pages={32-46}, 
doi={10.1109/SP.2005.20}, 
ISSN={1081-6011},}

@book{FellbaumWordNet2010,
  title={WordNet},
  author={Fellbaum, Christiane},
  year={2010},
  publisher={Springer}
}

@book{FellbaumWordNet1998,
  title={{WordNet: An electronic lexical database}},
  editor={Fellbaum, Christiane},
  publisher={MIT Press, Cambridge, MA},
  year={1998}
}


@incollection{MatthewsVerification2006,
year={2006},
isbn={978-3-540-48281-9},
booktitle={Logic for Programming, Artificial Intelligence, and Reasoning},
volume={4246},
series={Lecture Notes in Computer Science},
editor={Hermann, Miki and Voronkov, Andrei},
doi={10.1007/11916277_25},
title={Verification Condition Generation Via Theorem Proving},
url={http://dx.doi.org/10.1007/11916277_25},
publisher={Springer Berlin Heidelberg},
author={Matthews, John and Moore, J.Strother and Ray, Sandip and Vroon, Daron},
pages={362-376}
}

@article{DeursenDomain-Specific2000,
  title={Domain-Specific Languages: An Annotated Bibliography.},
  author={Van Deursen, Arie and Klint, Paul and Visser, Joost},
  journal={Sigplan Notices},
  volume={35},
  number={6},
  pages={26--36},
  year={2000}
}

@misc{MiliandSLEEC2012,
  title={{SLEEC: Semantics-rich Libraries for Effective Exascale Computation}},
  author= {Milind Kulkarni  and others},
  url= {https://engineering.purdue.edu/SLEEC/},
  howpublished = {\url{https://engineering.purdue.edu/SLEEC/}},
  year={2012}
}

@inproceedings{BallapuramExploiting2008,
 author = {Ballapuram, Chinnakrishnan S. and Sharif, Ahmad and Lee, Hsien-Hsin S.},
 title = {Exploiting access semantics and program behavior to reduce snoop power in chip multiprocessors},
 booktitle = {Proceedings of the 13th international conference on Architectural support for programming languages and operating systems},
 series = {ASPLOS XIII},
 year = {2008},
 isbn = {978-1-59593-958-6},
 location = {Seattle, WA, USA},
 pages = {60--69},
 numpages = {10},
 url = {http://doi.acm.org/10.1145/1346281.1346290},
 doi = {10.1145/1346281.1346290},
 acmid = {1346290},
 publisher = {ACM},
 address = {New York, NY, USA},
 keywords = {MESI protocol, chip multiprocessors, internal and external snoops, self-modifying code},
} 

@inproceedings{HohmuthSemantics2003,
  title={The semantics of C++ data types: Towards verifying low-level system components},
  author={Hohmuth, Michael and Tews, Hendrik},
  booktitle={TPHOLs},
  pages={127--144},
  year={2003}
}

@inproceedings{SujeethOptiML2011,
  title={OptiML: an implicitly parallel domain-specific language for machine learning},
  author={Sujeeth, Arvind and Lee, HyoukJoong and Brown, Kevin and Rompf, Tiark and Chafi, Hassan and Wu, Michael and Atreya, Anand and Odersky, Martin and Olukotun, Kunle},
  booktitle={Proceedings of the 28th International Conference on Machine Learning (ICML-11)},
  pages={609--616},
  year={2011}
}

@inproceedings{AxelssonFeldspar2010,
  title={Feldspar: A domain specific language for digital signal processing algorithms},
  author={Axelsson, Emil and Claessen, Koen and D{\'e}vai, Gergely and Horv{\'a}th, Zolt{\'a}n and Keijzer, Karin and Lyckeg{\aa}rd, Bo and Persson, Anders and Sheeran, Mary and Svenningsson, Josef and Vajdax, A},
  booktitle={Formal Methods and Models for Codesign (MEMOCODE), 2010 8th IEEE/ACM International Conference on},
  pages={169--178},
  year={2010},
  organization={IEEE}
}

@inproceedings{LiuExploiting2013,
 author = {Liu, Chenyang and Jamal, Muhammad Hasan and Kulkarni, Milind and Prakash, Arun and Pai, Vijay},
 title = {Exploiting domain knowledge to optimize parallel computational mechanics codes},
 booktitle = {Proceedings of the 27th international ACM conference on International conference on supercomputing},
 series = {ICS '13},
 year = {2013},
 isbn = {978-1-4503-2130-3},
 location = {Eugene, Oregon, USA},
 pages = {25--36},
 numpages = {12},
 url = {http://doi.acm.org/10.1145/2464996.2464998},
 doi = {10.1145/2464996.2464998},
 acmid = {2464998},
 publisher = {ACM},
 address = {New York, NY, USA},
 keywords = {domain-specific optimization, multi-scale method, recursive decomposition},
} 

@inproceedings{XiongSPL2001,
 author = {Xiong, Jianxin and Johnson, Jeremy and Johnson, Robert and Padua, David},
 title = {SPL: A Language and Compiler for DSP Algorithms},
 booktitle = {Proceedings of the ACM SIGPLAN 2001 Conference on Programming Language Design and Implementation},
 series = {PLDI '01},
 year = {2001},
 isbn = {1-58113-414-2},
 location = {Snowbird, Utah, USA},
 pages = {298--308},
 numpages = {11},
 url = {http://doi.acm.org/10.1145/378795.378860},
 doi = {10.1145/378795.378860},
 acmid = {378860},
 publisher = {ACM},
 address = {New York, NY, USA},
} 
@INPROCEEDINGS{ChenSyncChecker2012,
author={Zhezhe Chen and Xinyu Li and Jau-Yuan Chen and Hua Zhong and Feng Qin},
booktitle={Parallel Distributed Processing Symposium (IPDPS), 2012 IEEE 26th International},
title={SyncChecker: Detecting Synchronization Errors between MPI Applications and Libraries},
year={2012},
pages={342-353},
keywords={Linux;application program interfaces;message passing;program verification;software libraries;Linux;MPI applications;MPI libraries;MPI nonblocking communication;SyncChecker;message buffer;synchronization errors detection;Computer bugs;Instruments;Libraries;Prototypes;Runtime;Semantics;Synchronization},
doi={10.1109/IPDPS.2012.40},
ISSN={1530-2075},}


