@Comment @article{motik2009owl,
@Comment   title={Owl 2 web ontology language: Structural specification and functional-style syntax},
@Comment   author={Motik, Boris and Patel-Schneider, Peter F and Parsia, Bijan and Bock, Conrad and Fokoue, Achille and Haase, Peter and Hoekstra, Rinke and Horrocks, Ian and Ruttenberg, Alan and Sattler, Uli and others},
@Comment   journal={W3C recommendation},
@Comment   volume={27},
@Comment   number={65},
@Comment   pages={159},
@Comment   year={2009}
@Comment }

@Comment @misc{swi-prolog_sem,
@Comment 	title = {{SWI}-{Prolog} {Semantic} {Web} {Library} 3.0},
@Comment 	url = {http://www.swi-prolog.org/pldoc/package/semweb.html},
@Comment 	urldate = {2015-03-20},
@Comment }

@Comment @article{horridge_owl_2011,
@Comment 	title = {The {OWL} {API}: {A} {Java} {API} for {OWL} {Ontologies}},
@Comment 	volume = {2},
@Comment 	issn = {1570-0844},
@Comment 	shorttitle = {The {OWL} {API}},
@Comment 	number = {1},
@Comment 	urldate = {2015-03-21},
@Comment 	journal = {Semant. web},
@Comment 	author = {Horridge, Matthew and Bechhofer, Sean},
@Comment 	month = jan,
@Comment 	year = {2011},
@Comment 	keywords = {API, application development, Java, OWL, reasoning},
@Comment 	pages = {11--21}
@Comment }
